@article{rand_for,
author = {Breiman, L},
year = {2001},
month = {10},
pages = {5-32},
title = {Random Forests},
volume = {45},
journal = {Machine Learning},
doi = {10.1023/A:1010950718922}
}