@article{smola2004tutorial,
  added-at = {2013-06-04T08:28:07.000+0200},
  author = {Smola, Alex J and Sch{\"o}lkopf, Bernhard},
  biburl = {https://www.bibsonomy.org/bibtex/239c345135ab4e30a4fab38ab98b8fb6b/fhelmschrott},
  interhash = {62b446ec40f2d017d3b2a31f5fbbed2f},
  intrahash = {39c345135ab4e30a4fab38ab98b8fb6b},
  journal = {Statistics and computing},
  keywords = {regression support thema:svm_wlan vector},
  number = 3,
  pages = {199--222},
  publisher = {Springer},
  timestamp = {2013-06-04T08:28:07.000+0200},
  title = {A tutorial on support vector regression},
  volume = 14,
  year = 2004
}

